@book{riehl2017category,
  title     = {Category theory in context},
  author    = {Riehl, Emily},
  year      = {2017},
  publisher = {Courier Dover Publications}
}

@book{cheng2022joy,
  title     = {The joy of abstraction: an exploration of math, category theory, and life},
  author    = {Cheng, Eugenia},
  year      = {2022},
  publisher = {Cambridge University Press}
}

@book{fong2019invitation,
  title     = {An invitation to applied category theory: seven sketches in compositionality},
  author    = {Fong, Brendan and Spivak, David I},
  year      = {2019},
  publisher = {Cambridge University Press}
}


@book{milewski2018category,
  title     = {Category theory for programmers},
  author    = {Milewski, Bartosz},
  year      = {2018},
  publisher = {Blurb}
}


@article{myers2022categorical,
  title   = {Categorical systems theory},
  author  = {Myers, David Jaz},
  journal = {Manuscript in preparation},
  year    = {2022}
}


@book{alon2019introduction,
  title     = {An introduction to systems biology: design principles of biological circuits},
  author    = {Alon, Uri},
  year      = {2019},
  publisher = {Chapman and Hall/CRC}
}


@book{Coecke_Kissinger_2017,
  place     = {Cambridge},
  title     = {Picturing Quantum Processes: A First Course in Quantum Theory and Diagrammatic Reasoning},
  publisher = {Cambridge University Press},
  author    = {Coecke, Bob and Kissinger, Aleks},
  year      = {2017}
}


@book{asudeh2020enriched,
  title     = {Enriched meanings: Natural language semantics with category theory},
  author    = {Asudeh, Ash and Giorgolo, Gianluca},
  volume    = {13},
  year      = {2020},
  publisher = {Oxford University Press}
}


@book{goldblatt2014topoi,
  title     = {Topoi: the categorial analysis of logic},
  author    = {Goldblatt, Robert},
  year      = {2014},
  publisher = {Elsevier}
}