@book{riehl2017category,
  title     = {Category theory in context},
  author    = {Riehl, Emily},
  year      = {2017},
  publisher = {Courier Dover Publications}
}

@book{cheng2022joy,
  title     = {The joy of abstraction: an exploration of math, category theory, and life},
  author    = {Cheng, Eugenia},
  year      = {2022},
  publisher = {Cambridge University Press}
}

@book{fong2019invitation,
  title     = {An invitation to applied category theory: seven sketches in compositionality},
  author    = {Fong, Brendan and Spivak, David I},
  year      = {2019},
  publisher = {Cambridge University Press}
}

@book{goldblatt2014topoi,
  title     = {Topoi: the categorial analysis of logic},
  author    = {Goldblatt, Robert},
  year      = {2014},
  publisher = {Elsevier}
}

@book{lawvere2003sets,
  title     = {Sets for mathematics},
  author    = {Lawvere, F William and Rosebrugh, Robert},
  year      = {2003},
  publisher = {Cambridge University Press}
}

@book{leinster2014basic,
  title     = {Basic category theory},
  author    = {Leinster, Tom},
  volume    = {143},
  year      = {2014},
  publisher = {Cambridge University Press}
}

@book{mac2013categories,
  title     = {Categories for the working mathematician},
  author    = {Mac Lane, Saunders},
  volume    = {5},
  year      = {2013},
  publisher = {Springer Science \& Business Media}
}

@book{milewski2018category,
  title     = {Category theory for programmers},
  author    = {Milewski, Bartosz},
  year      = {2018},
  publisher = {Blurb}
}

@book{rosiak2022sheaf,
  title     = {Sheaf theory through examples},
  author    = {Rosiak, Daniel},
  year      = {2022},
  publisher = {MIT Press}
}


@article{myers2022categorical,
  title   = {Categorical systems theory},
  author  = {Myers, David Jaz},
  journal = {Manuscript in preparation},
  year    = {2022}
}


@misc{nlab:symmetric_monoidal_category,
  author       = {{nLab authors}},
  title        = {symmetric monoidal category},
  howpublished = {\url{https://ncatlab.org/nlab/show/symmetric+monoidal+category}},
  note         = {\href{https://ncatlab.org/nlab/revision/symmetric+monoidal+category/54}{Revision 54}},
  month        = feb,
  year         = 2024
}